[gd_scene load_steps=30 format=2]

[ext_resource path="res://Sound Design de Qolosqur/CatalogueDeSon/BruitagesStreumon.tscn" type="PackedScene" id=1]
[ext_resource path="res://Sound Design de Qolosqur/CatalogueDeSon/BruitagesColosse.tscn" type="PackedScene" id=2]
[ext_resource path="res://boss.gd" type="Script" id=4]
[ext_resource path="res://Boss/atlas_boss_complet.png" type="Texture" id=6]

[sub_resource type="AtlasTexture" id=1]
flags = 4
atlas = ExtResource( 6 )
region = Rect2( 0, 1750, 1430, 875 )

[sub_resource type="AtlasTexture" id=2]
flags = 4
atlas = ExtResource( 6 )
region = Rect2( 1430, 1750, 1430, 875 )

[sub_resource type="AtlasTexture" id=3]
flags = 4
atlas = ExtResource( 6 )
region = Rect2( 0, 0, 1430, 875 )

[sub_resource type="AtlasTexture" id=4]
flags = 4
atlas = ExtResource( 6 )
region = Rect2( 1430, 0, 1430, 875 )

[sub_resource type="AtlasTexture" id=5]
flags = 4
atlas = ExtResource( 6 )
region = Rect2( 2860, 0, 1430, 875 )

[sub_resource type="AtlasTexture" id=6]
flags = 4
atlas = ExtResource( 6 )
region = Rect2( 4290, 0, 1430, 875 )

[sub_resource type="AtlasTexture" id=7]
flags = 4
atlas = ExtResource( 6 )
region = Rect2( 0, 875, 1430, 875 )

[sub_resource type="AtlasTexture" id=8]
flags = 4
atlas = ExtResource( 6 )
region = Rect2( 1430, 875, 1430, 875 )

[sub_resource type="AtlasTexture" id=9]
flags = 4
atlas = ExtResource( 6 )
region = Rect2( 2860, 875, 1430, 875 )

[sub_resource type="AtlasTexture" id=10]
flags = 4
atlas = ExtResource( 6 )
region = Rect2( 4290, 875, 1430, 875 )

[sub_resource type="AtlasTexture" id=11]
flags = 4
atlas = ExtResource( 6 )
region = Rect2( 1430, 1750, 1430, 875 )

[sub_resource type="AtlasTexture" id=12]
flags = 4
atlas = ExtResource( 6 )
region = Rect2( 0, 0, 1430, 875 )

[sub_resource type="AtlasTexture" id=13]
flags = 4
atlas = ExtResource( 6 )
region = Rect2( 2860, 1750, 1430, 875 )

[sub_resource type="AtlasTexture" id=14]
flags = 4
atlas = ExtResource( 6 )
region = Rect2( 4290, 1750, 1430, 875 )

[sub_resource type="AtlasTexture" id=15]
flags = 4
atlas = ExtResource( 6 )
region = Rect2( 0, 2625, 1430, 875 )

[sub_resource type="AtlasTexture" id=16]
flags = 4
atlas = ExtResource( 6 )
region = Rect2( 1430, 2625, 1430, 875 )

[sub_resource type="AtlasTexture" id=17]
flags = 4
atlas = ExtResource( 6 )
region = Rect2( 2860, 2625, 1430, 875 )

[sub_resource type="SpriteFrames" id=18]
animations = [ {
"frames": [ SubResource( 1 ), SubResource( 2 ) ],
"loop": true,
"name": "Touch",
"speed": 5.0
}, {
"frames": [ SubResource( 3 ), SubResource( 4 ), SubResource( 5 ), SubResource( 6 ), SubResource( 7 ), SubResource( 8 ), SubResource( 9 ), SubResource( 10 ) ],
"loop": true,
"name": "Justeexister",
"speed": 10.0
}, {
"frames": [ SubResource( 11 ), SubResource( 11 ), SubResource( 11 ) ],
"loop": true,
"name": "Mort",
"speed": 5.0
}, {
"frames": [ SubResource( 12 ), SubResource( 13 ), SubResource( 14 ), SubResource( 15 ), SubResource( 14 ), SubResource( 15 ), SubResource( 14 ), SubResource( 15 ), SubResource( 14 ), SubResource( 15 ), SubResource( 15 ), SubResource( 15 ), SubResource( 16 ), SubResource( 17 ), SubResource( 17 ), SubResource( 17 ), SubResource( 17 ), SubResource( 16 ), SubResource( 7 ), SubResource( 8 ), SubResource( 9 ), SubResource( 10 ) ],
"loop": true,
"name": "Attaque",
"speed": 10.0
} ]

[sub_resource type="RectangleShape2D" id=19]
extents = Vector2( 47.4242, 15.4344 )

[sub_resource type="RectangleShape2D" id=20]
extents = Vector2( 21.2389, 16.8145 )

[sub_resource type="RectangleShape2D" id=21]
extents = Vector2( 12.5225, 10 )

[sub_resource type="RectangleShape2D" id=22]
extents = Vector2( 20.3893, 22.8507 )

[sub_resource type="RectangleShape2D" id=23]
extents = Vector2( 31.2408, 1.39906 )

[sub_resource type="RectangleShape2D" id=24]
extents = Vector2( 2.14807, 10 )

[sub_resource type="RectangleShape2D" id=25]
extents = Vector2( 11.7407, 10 )

[node name="boss" type="KinematicBody2D"]
position = Vector2( 511.143, 279.168 )
scale = Vector2( 2, 2 )
script = ExtResource( 4 )
__meta__ = {
"_edit_group_": true
}

[node name="AnimatedSprite" type="AnimatedSprite" parent="."]
scale = Vector2( 0.13, 0.13 )
frames = SubResource( 18 )
animation = "Attaque"
frame = 21

[node name="RayCast2D" type="RayCast2D" parent="."]
position = Vector2( 36.6491, 6.21445 )
enabled = true
cast_to = Vector2( 0, 65 )

[node name="Area2D" type="Area2D" parent="." groups=[
"nocif",
]]

[node name="CollisionShape2D" type="CollisionShape2D" parent="Area2D"]
position = Vector2( -11.8149, 35.5161 )
scale = Vector2( 0.736172, 1.11678 )
shape = SubResource( 19 )

[node name="CollisionTete" type="CollisionShape2D" parent="Area2D"]
position = Vector2( 20.0395, 4.35995 )
shape = SubResource( 20 )

[node name="CollisionQueue" type="CollisionShape2D" parent="Area2D"]
position = Vector2( -59.2388, 42.7703 )
shape = SubResource( 21 )

[node name="CollisionAttaque1" type="CollisionShape2D" parent="Area2D"]
position = Vector2( 56.7537, 22.9331 )
shape = SubResource( 22 )

[node name="CollisionShape2D" type="CollisionShape2D" parent="."]
position = Vector2( -12.9461, 51.414 )
shape = SubResource( 23 )

[node name="CollisionTete" type="CollisionShape2D" parent="."]
position = Vector2( 39.4291, -5.25791 )
shape = SubResource( 24 )

[node name="BruitagesColosse" parent="." instance=ExtResource( 2 )]

[node name="BruitagesStreumon" parent="." instance=ExtResource( 1 )]

[node name="Faible" type="Area2D" parent="." groups=[
"ennemi",
]]

[node name="CollisionShape2D" type="CollisionShape2D" parent="Faible"]
position = Vector2( -51.0665, 42.9101 )
shape = SubResource( 25 )
