[gd_scene load_steps=43 format=2]

[ext_resource path="res://Animeshion/saut (6x3).png" type="Texture" id=1]
[ext_resource path="res://Animeshion/saut (effet après) (6x3).png" type="Texture" id=2]
[ext_resource path="res://objetSaut.gd" type="Script" id=3]
[ext_resource path="res://Sound Design de Qolosqur/2. Bruitages de Qolosqur/13. Objet supplémentaire.wav" type="AudioStream" id=4]

[sub_resource type="AtlasTexture" id=1]
flags = 4
atlas = ExtResource( 1 )
region = Rect2( 0, 0, 353, 565 )

[sub_resource type="AtlasTexture" id=2]
flags = 4
atlas = ExtResource( 1 )
region = Rect2( 353, 0, 353, 565 )

[sub_resource type="AtlasTexture" id=3]
flags = 4
atlas = ExtResource( 1 )
region = Rect2( 706, 0, 353, 565 )

[sub_resource type="AtlasTexture" id=4]
flags = 4
atlas = ExtResource( 1 )
region = Rect2( 1059, 0, 353, 565 )

[sub_resource type="AtlasTexture" id=5]
flags = 4
atlas = ExtResource( 1 )
region = Rect2( 1412, 0, 353, 565 )

[sub_resource type="AtlasTexture" id=6]
flags = 4
atlas = ExtResource( 1 )
region = Rect2( 1765, 0, 353, 565 )

[sub_resource type="AtlasTexture" id=7]
flags = 4
atlas = ExtResource( 1 )
region = Rect2( 0, 565, 353, 565 )

[sub_resource type="AtlasTexture" id=8]
flags = 4
atlas = ExtResource( 1 )
region = Rect2( 353, 565, 353, 565 )

[sub_resource type="AtlasTexture" id=9]
flags = 4
atlas = ExtResource( 1 )
region = Rect2( 706, 565, 353, 565 )

[sub_resource type="AtlasTexture" id=10]
flags = 4
atlas = ExtResource( 1 )
region = Rect2( 1059, 565, 353, 565 )

[sub_resource type="AtlasTexture" id=11]
flags = 4
atlas = ExtResource( 1 )
region = Rect2( 1412, 565, 353, 565 )

[sub_resource type="AtlasTexture" id=12]
flags = 4
atlas = ExtResource( 1 )
region = Rect2( 1765, 565, 353, 565 )

[sub_resource type="AtlasTexture" id=13]
flags = 4
atlas = ExtResource( 1 )
region = Rect2( 0, 1130, 353, 565 )

[sub_resource type="AtlasTexture" id=14]
flags = 4
atlas = ExtResource( 1 )
region = Rect2( 353, 1130, 353, 565 )

[sub_resource type="AtlasTexture" id=15]
flags = 4
atlas = ExtResource( 1 )
region = Rect2( 706, 1130, 353, 565 )

[sub_resource type="AtlasTexture" id=16]
flags = 4
atlas = ExtResource( 1 )
region = Rect2( 1059, 1130, 353, 565 )

[sub_resource type="AtlasTexture" id=17]
flags = 4
atlas = ExtResource( 1 )
region = Rect2( 1412, 1130, 353, 565 )

[sub_resource type="AtlasTexture" id=18]
flags = 4
atlas = ExtResource( 1 )
region = Rect2( 1765, 1130, 353, 565 )

[sub_resource type="AtlasTexture" id=19]
flags = 4
atlas = ExtResource( 2 )
region = Rect2( 0, 0, 353, 565 )

[sub_resource type="AtlasTexture" id=20]
flags = 4
atlas = ExtResource( 2 )
region = Rect2( 353, 0, 353, 565 )

[sub_resource type="AtlasTexture" id=21]
flags = 4
atlas = ExtResource( 2 )
region = Rect2( 706, 0, 353, 565 )

[sub_resource type="AtlasTexture" id=22]
flags = 4
atlas = ExtResource( 2 )
region = Rect2( 1059, 0, 353, 565 )

[sub_resource type="AtlasTexture" id=23]
flags = 4
atlas = ExtResource( 2 )
region = Rect2( 1412, 0, 353, 565 )

[sub_resource type="AtlasTexture" id=24]
flags = 4
atlas = ExtResource( 2 )
region = Rect2( 1765, 0, 353, 565 )

[sub_resource type="AtlasTexture" id=25]
flags = 4
atlas = ExtResource( 2 )
region = Rect2( 0, 565, 353, 565 )

[sub_resource type="AtlasTexture" id=26]
flags = 4
atlas = ExtResource( 2 )
region = Rect2( 353, 565, 353, 565 )

[sub_resource type="AtlasTexture" id=27]
flags = 4
atlas = ExtResource( 2 )
region = Rect2( 706, 565, 353, 565 )

[sub_resource type="AtlasTexture" id=28]
flags = 4
atlas = ExtResource( 2 )
region = Rect2( 1059, 565, 353, 565 )

[sub_resource type="AtlasTexture" id=29]
flags = 4
atlas = ExtResource( 2 )
region = Rect2( 1412, 565, 353, 565 )

[sub_resource type="AtlasTexture" id=30]
flags = 4
atlas = ExtResource( 2 )
region = Rect2( 1765, 565, 353, 565 )

[sub_resource type="AtlasTexture" id=31]
flags = 4
atlas = ExtResource( 2 )
region = Rect2( 0, 1130, 353, 565 )

[sub_resource type="AtlasTexture" id=32]
flags = 4
atlas = ExtResource( 2 )
region = Rect2( 353, 1130, 353, 565 )

[sub_resource type="AtlasTexture" id=33]
flags = 4
atlas = ExtResource( 2 )
region = Rect2( 706, 1130, 353, 565 )

[sub_resource type="AtlasTexture" id=34]
flags = 4
atlas = ExtResource( 2 )
region = Rect2( 1059, 1130, 353, 565 )

[sub_resource type="AtlasTexture" id=35]
flags = 4
atlas = ExtResource( 2 )
region = Rect2( 1412, 1130, 353, 565 )

[sub_resource type="AtlasTexture" id=36]
flags = 4
atlas = ExtResource( 2 )
region = Rect2( 1765, 1130, 353, 565 )

[sub_resource type="SpriteFrames" id=37]
animations = [ {
"frames": [ SubResource( 1 ), SubResource( 2 ), SubResource( 3 ), SubResource( 4 ), SubResource( 5 ), SubResource( 6 ), SubResource( 7 ), SubResource( 8 ), SubResource( 9 ), SubResource( 10 ), SubResource( 11 ), SubResource( 12 ), SubResource( 13 ), SubResource( 14 ), SubResource( 15 ), SubResource( 16 ), SubResource( 17 ), SubResource( 18 ) ],
"loop": true,
"name": "avantSaisie",
"speed": 10.0
}, {
"frames": [ SubResource( 19 ), SubResource( 20 ), SubResource( 21 ), SubResource( 22 ), SubResource( 23 ), SubResource( 24 ), SubResource( 25 ), SubResource( 26 ), SubResource( 27 ), SubResource( 28 ), SubResource( 29 ), SubResource( 30 ), SubResource( 31 ), SubResource( 32 ), SubResource( 33 ), SubResource( 34 ), SubResource( 35 ), SubResource( 36 ) ],
"loop": false,
"name": "apresSaisie",
"speed": 10.0
} ]

[sub_resource type="RectangleShape2D" id=38]
extents = Vector2( 2304.84, 2316.23 )

[node name="sautObjet" type="Node2D"]
script = ExtResource( 3 )

[node name="Sprite" type="AnimatedSprite" parent="."]
position = Vector2( 0, -140 )
scale = Vector2( 0.5, 0.5 )
frames = SubResource( 37 )
animation = "avantSaisie"
frame = 13
playing = true

[node name="sautAire" type="Area2D" parent="Sprite" groups=[
"saut",
]]
scale = Vector2( 0.05, 0.05 )

[node name="sautCollision" type="CollisionShape2D" parent="Sprite/sautAire"]
position = Vector2( 0, 3169.78 )
shape = SubResource( 38 )

[node name="AudioStreamPlayer2D" type="AudioStreamPlayer2D" parent="."]
stream = ExtResource( 4 )
[connection signal="body_entered" from="Sprite/sautAire" to="." method="_on_sautAire_body_entered"]
