[gd_scene load_steps=88 format=2]

[ext_resource path="res://superplayer.gd" type="Script" id=1]
[ext_resource path="res://Animeshion/personnage.png" type="Texture" id=2]
[ext_resource path="res://jump.tscn" type="PackedScene" id=3]
[ext_resource path="res://Dash.tscn" type="PackedScene" id=4]
[ext_resource path="res://Dash.gd" type="Script" id=5]
[ext_resource path="res://Hit.tscn" type="PackedScene" id=6]
[ext_resource path="res://WallJump.gd" type="Script" id=7]

[sub_resource type="RectangleShape2D" id=1]
extents = Vector2( 53.9415, 52.8069 )

[sub_resource type="RectangleShape2D" id=2]
extents = Vector2( 41.2132, 84.4443 )

[sub_resource type="RectangleShape2D" id=3]
extents = Vector2( 43.2547, 78.452 )

[sub_resource type="Animation" id=4]
resource_name = "Attaque"
length = 0.75
step = 0.125
tracks/0/type = "value"
tracks/0/path = NodePath("../player/spritePerso:frame")
tracks/0/interp = 1
tracks/0/loop_wrap = true
tracks/0/imported = false
tracks/0/enabled = true
tracks/0/keys = {
"times": PoolRealArray( 0, 0.125, 0.25, 0.375, 0.5, 0.625 ),
"transitions": PoolRealArray( 1, 1, 1, 1, 1, 1 ),
"update": 0,
"values": [ 36, 37, 38, 39, 40, 41 ]
}

[sub_resource type="Animation" id=5]
resource_name = "Atterisabre"
length = 0.25
step = 0.125
tracks/0/type = "value"
tracks/0/path = NodePath("../player/spritePerso:frame")
tracks/0/interp = 1
tracks/0/loop_wrap = true
tracks/0/imported = false
tracks/0/enabled = true
tracks/0/keys = {
"times": PoolRealArray( 0, 0.125 ),
"transitions": PoolRealArray( 1, 1 ),
"update": 0,
"values": [ 33, 34 ]
}

[sub_resource type="Animation" id=6]
length = 0.25
step = 0.125
tracks/0/type = "value"
tracks/0/path = NodePath("../player/spritePerso:frame")
tracks/0/interp = 1
tracks/0/loop_wrap = true
tracks/0/imported = false
tracks/0/enabled = true
tracks/0/keys = {
"times": PoolRealArray( 0, 0.125 ),
"transitions": PoolRealArray( 1, 1 ),
"update": 0,
"values": [ 27, 28 ]
}

[sub_resource type="Animation" id=7]
length = 0.6
loop = true
step = 0.05
tracks/0/type = "value"
tracks/0/path = NodePath("../player/spritePerso:frame")
tracks/0/interp = 1
tracks/0/loop_wrap = true
tracks/0/imported = false
tracks/0/enabled = true
tracks/0/keys = {
"times": PoolRealArray( 0, 0.1, 0.2, 0.3, 0.4, 0.5 ),
"transitions": PoolRealArray( 1, 1, 1, 1, 1, 1 ),
"update": 0,
"values": [ 12, 13, 14, 15, 16, 17 ]
}

[sub_resource type="Animation" id=8]
resource_name = "CourseSabre"
length = 0.6
loop = true
tracks/0/type = "value"
tracks/0/path = NodePath("../player/spritePerso:frame")
tracks/0/interp = 1
tracks/0/loop_wrap = true
tracks/0/imported = false
tracks/0/enabled = true
tracks/0/keys = {
"times": PoolRealArray( 0, 0.1, 0.2, 0.3, 0.4, 0.5 ),
"transitions": PoolRealArray( 1, 1, 1, 1, 1, 1 ),
"update": 0,
"values": [ 18, 19, 20, 21, 22, 23 ]
}

[sub_resource type="Animation" id=9]
resource_name = "Dash"
length = 0.6
loop = true
tracks/0/type = "value"
tracks/0/path = NodePath("../player/spritePerso:frame")
tracks/0/interp = 1
tracks/0/loop_wrap = true
tracks/0/imported = false
tracks/0/enabled = true
tracks/0/keys = {
"times": PoolRealArray( 0, 0.1, 0.2, 0.3, 0.4, 0.5 ),
"transitions": PoolRealArray( 1, 1, 1, 1, 1, 1 ),
"update": 0,
"values": [ 42, 43, 44, 45, 46, 47 ]
}

[sub_resource type="Animation" id=10]
resource_name = "Glissade"
length = 0.5
step = 0.125
tracks/0/type = "value"
tracks/0/path = NodePath("../player/spritePerso:frame")
tracks/0/interp = 1
tracks/0/loop_wrap = true
tracks/0/imported = false
tracks/0/enabled = true
tracks/0/keys = {
"times": PoolRealArray( 0, 0.125, 0.25, 0.375 ),
"transitions": PoolRealArray( 1, 1, 1, 1 ),
"update": 0,
"values": [ 48, 49, 50, 51 ]
}

[sub_resource type="Animation" id=11]
length = 0.05
tracks/0/type = "value"
tracks/0/path = NodePath("../player/spritePerso:frame")
tracks/0/interp = 1
tracks/0/loop_wrap = true
tracks/0/imported = false
tracks/0/enabled = true
tracks/0/keys = {
"times": PoolRealArray( 0 ),
"transitions": PoolRealArray( 1 ),
"update": 0,
"values": [ 25 ]
}

[sub_resource type="Animation" id=12]
resource_name = "Pisabrenacle"
length = 0.05
step = 0.05
tracks/0/type = "value"
tracks/0/path = NodePath("../player/spritePerso:frame")
tracks/0/interp = 1
tracks/0/loop_wrap = true
tracks/0/imported = false
tracks/0/enabled = true
tracks/0/keys = {
"times": PoolRealArray( 0 ),
"transitions": PoolRealArray( 1 ),
"update": 0,
"values": [ 31 ]
}

[sub_resource type="Animation" id=13]
length = 2.0
loop = true
tracks/0/type = "value"
tracks/0/path = NodePath("../player/spritePerso:frame")
tracks/0/interp = 1
tracks/0/loop_wrap = true
tracks/0/imported = false
tracks/0/enabled = true
tracks/0/keys = {
"times": PoolRealArray( 0, 0.5, 1, 1.5 ),
"transitions": PoolRealArray( 1, 1, 1, 1 ),
"update": 0,
"values": [ 0, 1, 2, 3 ]
}

[sub_resource type="Animation" id=14]
resource_name = "ReposSabre"
length = 2.0
loop = true
step = 0.5
tracks/0/type = "value"
tracks/0/path = NodePath("../player/spritePerso:frame")
tracks/0/interp = 1
tracks/0/loop_wrap = true
tracks/0/imported = false
tracks/0/enabled = true
tracks/0/keys = {
"times": PoolRealArray( 0, 0.5, 1, 1.5 ),
"transitions": PoolRealArray( 1, 1, 1, 1 ),
"update": 0,
"values": [ 6, 7, 8, 9 ]
}

[sub_resource type="Animation" id=15]
length = 0.05
tracks/0/type = "value"
tracks/0/path = NodePath("../player/spritePerso:frame")
tracks/0/interp = 1
tracks/0/loop_wrap = true
tracks/0/imported = false
tracks/0/enabled = true
tracks/0/keys = {
"times": PoolRealArray( 0 ),
"transitions": PoolRealArray( 1 ),
"update": 0,
"values": [ 24 ]
}

[sub_resource type="Animation" id=16]
resource_name = "Saut Ascensabre"
length = 0.05
step = 0.05
tracks/0/type = "value"
tracks/0/path = NodePath("../player/spritePerso:frame")
tracks/0/interp = 1
tracks/0/loop_wrap = true
tracks/0/imported = false
tracks/0/enabled = true
tracks/0/keys = {
"times": PoolRealArray( 0 ),
"transitions": PoolRealArray( 1 ),
"update": 0,
"values": [ 30 ]
}

[sub_resource type="Animation" id=17]
length = 0.05
tracks/0/type = "value"
tracks/0/path = NodePath("../player/spritePerso:frame")
tracks/0/interp = 1
tracks/0/loop_wrap = true
tracks/0/imported = false
tracks/0/enabled = true
tracks/0/keys = {
"times": PoolRealArray( 0 ),
"transitions": PoolRealArray( 1 ),
"update": 0,
"values": [ 26 ]
}

[sub_resource type="Animation" id=18]
resource_name = "Saut Descensabre"
length = 0.05
step = 0.05
tracks/0/type = "value"
tracks/0/path = NodePath("../player/spritePerso:frame")
tracks/0/interp = 1
tracks/0/loop_wrap = true
tracks/0/imported = false
tracks/0/enabled = true
tracks/0/keys = {
"times": PoolRealArray( 0 ),
"transitions": PoolRealArray( 1 ),
"update": 0,
"values": [ 32 ]
}

[sub_resource type="AnimationNodeAnimation" id=19]
animation = "Attaque"

[sub_resource type="AnimationNodeAnimation" id=20]
animation = "Atterisabre"

[sub_resource type="AnimationNodeAnimation" id=21]
animation = "Atterissage"

[sub_resource type="AnimationNodeAnimation" id=22]
animation = "Course"

[sub_resource type="AnimationNodeAnimation" id=23]
animation = "CourseSabre"

[sub_resource type="AnimationNodeAnimation" id=24]
animation = "Dash"

[sub_resource type="AnimationNodeAnimation" id=25]
animation = "Glissade"

[sub_resource type="AnimationNodeAnimation" id=26]
animation = "Pinacle"

[sub_resource type="AnimationNodeAnimation" id=27]
animation = "Pisabrenacle"

[sub_resource type="AnimationNodeAnimation" id=28]
animation = "Repos"

[sub_resource type="AnimationNodeAnimation" id=29]
animation = "ReposSabre"

[sub_resource type="AnimationNodeAnimation" id=30]
animation = "Saut Ascendant"

[sub_resource type="AnimationNodeAnimation" id=31]
animation = "Saut Ascensabre"

[sub_resource type="AnimationNodeAnimation" id=32]
animation = "Saut Descendant"

[sub_resource type="AnimationNodeAnimation" id=33]
animation = "Saut Descensabre"

[sub_resource type="AnimationNodeStateMachineTransition" id=34]

[sub_resource type="AnimationNodeStateMachineTransition" id=35]

[sub_resource type="AnimationNodeStateMachineTransition" id=36]

[sub_resource type="AnimationNodeStateMachineTransition" id=37]
switch_mode = 2

[sub_resource type="AnimationNodeStateMachineTransition" id=38]
switch_mode = 2

[sub_resource type="AnimationNodeStateMachineTransition" id=39]
switch_mode = 2

[sub_resource type="AnimationNodeStateMachineTransition" id=40]
switch_mode = 2

[sub_resource type="AnimationNodeStateMachineTransition" id=41]
switch_mode = 2

[sub_resource type="AnimationNodeStateMachineTransition" id=42]

[sub_resource type="AnimationNodeStateMachineTransition" id=43]

[sub_resource type="AnimationNodeStateMachineTransition" id=44]
switch_mode = 2

[sub_resource type="AnimationNodeStateMachineTransition" id=45]
switch_mode = 2

[sub_resource type="AnimationNodeStateMachineTransition" id=46]
switch_mode = 2

[sub_resource type="AnimationNodeStateMachineTransition" id=47]
switch_mode = 2

[sub_resource type="AnimationNodeStateMachineTransition" id=48]

[sub_resource type="AnimationNodeStateMachineTransition" id=49]
switch_mode = 2

[sub_resource type="AnimationNodeStateMachineTransition" id=50]

[sub_resource type="AnimationNodeStateMachineTransition" id=51]

[sub_resource type="AnimationNodeStateMachineTransition" id=52]
switch_mode = 2

[sub_resource type="AnimationNodeStateMachineTransition" id=53]

[sub_resource type="AnimationNodeStateMachineTransition" id=54]

[sub_resource type="AnimationNodeStateMachineTransition" id=55]
switch_mode = 2

[sub_resource type="AnimationNodeStateMachineTransition" id=56]
switch_mode = 2

[sub_resource type="AnimationNodeStateMachineTransition" id=57]

[sub_resource type="AnimationNodeStateMachineTransition" id=58]

[sub_resource type="AnimationNodeStateMachineTransition" id=59]

[sub_resource type="AnimationNodeStateMachineTransition" id=60]

[sub_resource type="AnimationNodeStateMachineTransition" id=61]

[sub_resource type="AnimationNodeStateMachineTransition" id=62]

[sub_resource type="AnimationNodeStateMachineTransition" id=63]

[sub_resource type="AnimationNodeStateMachineTransition" id=64]

[sub_resource type="AnimationNodeStateMachineTransition" id=65]

[sub_resource type="AnimationNodeStateMachineTransition" id=66]

[sub_resource type="AnimationNodeStateMachineTransition" id=67]

[sub_resource type="AnimationNodeStateMachineTransition" id=68]

[sub_resource type="AnimationNodeStateMachineTransition" id=69]

[sub_resource type="AnimationNodeStateMachineTransition" id=70]

[sub_resource type="AnimationNodeStateMachineTransition" id=71]

[sub_resource type="AnimationNodeStateMachineTransition" id=72]

[sub_resource type="AnimationNodeStateMachineTransition" id=73]

[sub_resource type="AnimationNodeStateMachineTransition" id=74]

[sub_resource type="AnimationNodeStateMachineTransition" id=75]

[sub_resource type="AnimationNodeStateMachineTransition" id=76]

[sub_resource type="AnimationNodeStateMachineTransition" id=77]

[sub_resource type="AnimationNodeStateMachineTransition" id=78]

[sub_resource type="AnimationNodeStateMachine" id=79]
states/Attaque/node = SubResource( 19 )
states/Attaque/position = Vector2( 1127.61, 384.808 )
states/Atterisabre/node = SubResource( 20 )
states/Atterisabre/position = Vector2( 1686.61, 51 )
states/Atterissage/node = SubResource( 21 )
states/Atterissage/position = Vector2( 741, 51 )
states/Course/node = SubResource( 22 )
states/Course/position = Vector2( 574, 205 )
states/CourseSabre/node = SubResource( 23 )
states/CourseSabre/position = Vector2( 1554.61, 148 )
states/Dash/node = SubResource( 24 )
states/Dash/position = Vector2( 1586.61, 384.808 )
states/Glissade/node = SubResource( 25 )
states/Glissade/position = Vector2( 1257.84, -135.973 )
states/Pinacle/node = SubResource( 26 )
states/Pinacle/position = Vector2( 379, -20.06 )
states/Pisabrenacle/node = SubResource( 27 )
states/Pisabrenacle/position = Vector2( 1274.61, -7.192 )
states/Repos/node = SubResource( 28 )
states/Repos/position = Vector2( 596, 375 )
states/ReposSabre/node = SubResource( 29 )
states/ReposSabre/position = Vector2( 1057.61, 141 )
"states/Saut Ascendant/node" = SubResource( 30 )
"states/Saut Ascendant/position" = Vector2( 275, 51 )
"states/Saut Ascensabre/node" = SubResource( 31 )
"states/Saut Ascensabre/position" = Vector2( 952.61, 35 )
"states/Saut Descendant/node" = SubResource( 32 )
"states/Saut Descendant/position" = Vector2( 593, -20.06 )
"states/Saut Descensabre/node" = SubResource( 33 )
"states/Saut Descensabre/position" = Vector2( 1660.61, -68.192 )
transitions = [ "Repos", "Course", SubResource( 34 ), "Course", "Repos", SubResource( 35 ), "Repos", "Saut Ascendant", SubResource( 36 ), "Saut Ascendant", "Pinacle", SubResource( 37 ), "Pinacle", "Saut Descendant", SubResource( 38 ), "Saut Descendant", "Atterissage", SubResource( 39 ), "Atterissage", "Course", SubResource( 40 ), "Atterissage", "Repos", SubResource( 41 ), "Course", "Saut Ascendant", SubResource( 42 ), "ReposSabre", "Saut Ascensabre", SubResource( 43 ), "Saut Ascensabre", "Pisabrenacle", SubResource( 44 ), "Pisabrenacle", "Saut Descensabre", SubResource( 45 ), "Saut Descensabre", "Atterisabre", SubResource( 46 ), "Atterisabre", "CourseSabre", SubResource( 47 ), "CourseSabre", "ReposSabre", SubResource( 48 ), "Atterisabre", "ReposSabre", SubResource( 49 ), "ReposSabre", "CourseSabre", SubResource( 50 ), "CourseSabre", "Saut Ascensabre", SubResource( 51 ), "Attaque", "Dash", SubResource( 52 ), "Dash", "Attaque", SubResource( 53 ), "ReposSabre", "Attaque", SubResource( 54 ), "Attaque", "ReposSabre", SubResource( 55 ), "Attaque", "CourseSabre", SubResource( 56 ), "CourseSabre", "Attaque", SubResource( 57 ), "CourseSabre", "Dash", SubResource( 58 ), "Dash", "CourseSabre", SubResource( 59 ), "ReposSabre", "Dash", SubResource( 60 ), "Dash", "ReposSabre", SubResource( 61 ), "Course", "ReposSabre", SubResource( 62 ), "Repos", "ReposSabre", SubResource( 63 ), "Course", "CourseSabre", SubResource( 64 ), "Repos", "CourseSabre", SubResource( 65 ), "Saut Ascensabre", "Glissade", SubResource( 66 ), "Pisabrenacle", "Glissade", SubResource( 67 ), "Saut Descensabre", "Glissade", SubResource( 68 ), "Glissade", "Saut Ascensabre", SubResource( 69 ), "Glissade", "Pisabrenacle", SubResource( 70 ), "Glissade", "Saut Descensabre", SubResource( 71 ), "Atterisabre", "Glissade", SubResource( 72 ), "Glissade", "Atterisabre", SubResource( 73 ), "Atterisabre", "Saut Ascensabre", SubResource( 74 ), "Atterissage", "Saut Ascendant", SubResource( 75 ), "ReposSabre", "Glissade", SubResource( 76 ), "CourseSabre", "Glissade", SubResource( 77 ), "Dash", "Glissade", SubResource( 78 ) ]
graph_offset = Vector2( 650.084, -272.557 )

[sub_resource type="AnimationNodeStateMachinePlayback" id=80]

[node name="player" type="KinematicBody2D"]
script = ExtResource( 1 )

[node name="spritePerso" type="Sprite" parent="."]
position = Vector2( 50, 0 )
scale = Vector2( -1, 1 )
texture = ExtResource( 2 )
vframes = 9
hframes = 6
frame = 41

[node name="EpeeTouche" type="Area2D" parent="spritePerso"]
position = Vector2( 129.537, 0.487671 )
rotation = -3.14159
scale = Vector2( 1, -1 )

[node name="CollisionArme" type="CollisionShape2D" parent="spritePerso/EpeeTouche"]
position = Vector2( 195.839, 2.70746 )
shape = SubResource( 1 )
disabled = true

[node name="collisionCourse" type="CollisionShape2D" parent="."]
position = Vector2( -0.0775763, 7.04169 )
scale = Vector2( 0.75, 0.88 )
shape = SubResource( 2 )

[node name="airePourObjet" type="Area2D" parent="." groups=[
"player",
]]

[node name="collisionObjet" type="CollisionShape2D" parent="airePourObjet"]
position = Vector2( 0.857071, 8.36231 )
shape = SubResource( 3 )

[node name="groundRay1" type="RayCast2D" parent="."]
position = Vector2( 28.1889, 31.9246 )
scale = Vector2( 1, 0.8 )
enabled = true
cast_to = Vector2( 0, 80 )

[node name="groundRay2" type="RayCast2D" parent="."]
position = Vector2( -27.4719, 31.9246 )
scale = Vector2( 1, 0.8 )
enabled = true
cast_to = Vector2( 0, 80 )

[node name="murRay1" type="RayCast2D" parent="."]
rotation = -1.5708
scale = Vector2( 1, 0.8 )
enabled = true
cast_to = Vector2( 0, 60 )

[node name="murRay1_saut" type="RayCast2D" parent="."]
rotation = -1.5708
scale = Vector2( 1, 1.2 )
enabled = true
cast_to = Vector2( 0, 60 )

[node name="murRay2" type="RayCast2D" parent="."]
rotation = 1.5708
scale = Vector2( 1, 0.8 )
enabled = true
cast_to = Vector2( 0, 60 )

[node name="murRay2_saut" type="RayCast2D" parent="."]
rotation = 1.5708
scale = Vector2( 1, 1.2 )
enabled = true
cast_to = Vector2( 0, 60 )

[node name="capacities" type="Node2D" parent="."]
position = Vector2( -7.8028, 4.87674 )

[node name="jump" parent="capacities" instance=ExtResource( 3 )]
position = Vector2( 0, -4.87671 )

[node name="Dash" parent="capacities" instance=ExtResource( 4 )]
position = Vector2( -12.6795, -2.43835 )
script = ExtResource( 5 )

[node name="Hit" parent="capacities" instance=ExtResource( 6 )]
position = Vector2( -13.6548, -5.36441 )

[node name="WallJump" type="Node2D" parent="capacities"]
script = ExtResource( 7 )

[node name="Camera player" type="Camera2D" parent="."]
position = Vector2( -14.6302, 2.92603 )
current = true

[node name="AnimationPlayer" type="AnimationPlayer" parent="."]
anims/Attaque = SubResource( 4 )
anims/Atterisabre = SubResource( 5 )
anims/Atterissage = SubResource( 6 )
anims/Course = SubResource( 7 )
anims/CourseSabre = SubResource( 8 )
anims/Dash = SubResource( 9 )
anims/Glissade = SubResource( 10 )
anims/Pinacle = SubResource( 11 )
anims/Pisabrenacle = SubResource( 12 )
anims/Repos = SubResource( 13 )
anims/ReposSabre = SubResource( 14 )
"anims/Saut Ascendant" = SubResource( 15 )
"anims/Saut Ascensabre" = SubResource( 16 )
"anims/Saut Descendant" = SubResource( 17 )
"anims/Saut Descensabre" = SubResource( 18 )

[node name="AnimationTree" type="AnimationTree" parent="."]
tree_root = SubResource( 79 )
anim_player = NodePath("../AnimationPlayer")
active = true
parameters/playback = SubResource( 80 )
[connection signal="area_entered" from="spritePerso/EpeeTouche" to="capacities/Hit" method="_on_EpeeTouche_area_entered"]
[connection signal="area_entered" from="airePourObjet" to="capacities/Hit" method="_on_airePourObjet_area_entered"]
[connection signal="area_entered" from="airePourObjet" to="capacities/WallJump" method="_on_airePourObjet_area_entered"]
[connection signal="area_entered" from="airePourObjet" to="." method="_on_airePourObjet_area_entered"]
[connection signal="area_entered" from="airePourObjet" to="capacities/Dash" method="_on_airePourObjet_area_entered"]
[connection signal="area_entered" from="airePourObjet" to="capacities/jump" method="_on_airePourObjet_area_entered"]
